%YAML 1.1
%TAG !u! tag:unity3d.com,2011:
--- !u!1 &8994365456273209686
GameObject:
  m_ObjectHideFlags: 0
  m_CorrespondingSourceObject: {fileID: 0}
  m_PrefabInstance: {fileID: 0}
  m_PrefabAsset: {fileID: 0}
  serializedVersion: 6
  m_Component:
  - component: {fileID: 7033487764851241913}
  - component: {fileID: 253299118727155931}
  - component: {fileID: 7475343280735139886}
  - component: {fileID: 2426726424559572472}
  - component: {fileID: -3708955480265399272}
  - component: {fileID: -9153137888798022520}
  - component: {fileID: 345427639394709125}
  - component: {fileID: 4674426019406507402}
  - component: {fileID: -7117177334938049648}
  - component: {fileID: 5128038038965532387}
  - component: {fileID: 1302952992040107838}
  - component: {fileID: 863037895717885886}
  m_Layer: 0
  m_Name: Smetana
  m_TagString: Untagged
  m_Icon: {fileID: 0}
  m_NavMeshLayer: 0
  m_StaticEditorFlags: 0
  m_IsActive: 1
--- !u!4 &7033487764851241913
Transform:
  m_ObjectHideFlags: 0
  m_CorrespondingSourceObject: {fileID: 0}
  m_PrefabInstance: {fileID: 0}
  m_PrefabAsset: {fileID: 0}
  m_GameObject: {fileID: 8994365456273209686}
  serializedVersion: 2
  m_LocalRotation: {x: -0, y: -0, z: -0, w: 1}
  m_LocalPosition: {x: 0, y: 0, z: 0}
  m_LocalScale: {x: 0.05, y: 0.05, z: 0.05}
  m_ConstrainProportionsScale: 0
  m_Children: []
  m_Father: {fileID: 0}
  m_LocalEulerAnglesHint: {x: 0, y: 0, z: 0}
--- !u!33 &253299118727155931
MeshFilter:
  m_ObjectHideFlags: 0
  m_CorrespondingSourceObject: {fileID: 0}
  m_PrefabInstance: {fileID: 0}
  m_PrefabAsset: {fileID: 0}
  m_GameObject: {fileID: 8994365456273209686}
  m_Mesh: {fileID: -2432090755550338912, guid: 6159665f7db8e1a4488e567e00249e16, type: 3}
--- !u!23 &7475343280735139886
MeshRenderer:
  m_ObjectHideFlags: 0
  m_CorrespondingSourceObject: {fileID: 0}
  m_PrefabInstance: {fileID: 0}
  m_PrefabAsset: {fileID: 0}
  m_GameObject: {fileID: 8994365456273209686}
  m_Enabled: 1
  m_CastShadows: 1
  m_ReceiveShadows: 1
  m_DynamicOccludee: 1
  m_StaticShadowCaster: 0
  m_MotionVectors: 1
  m_LightProbeUsage: 1
  m_ReflectionProbeUsage: 1
  m_RayTracingMode: 2
  m_RayTraceProcedural: 0
  m_RenderingLayerMask: 1
  m_RendererPriority: 0
  m_Materials:
  - {fileID: 2100000, guid: 393beb34c5a62c64eab83e34f881a98d, type: 2}
  m_StaticBatchInfo:
    firstSubMesh: 0
    subMeshCount: 0
  m_StaticBatchRoot: {fileID: 0}
  m_ProbeAnchor: {fileID: 0}
  m_LightProbeVolumeOverride: {fileID: 0}
  m_ScaleInLightmap: 1
  m_ReceiveGI: 1
  m_PreserveUVs: 0
  m_IgnoreNormalsForChartDetection: 0
  m_ImportantGI: 0
  m_StitchLightmapSeams: 1
  m_SelectedEditorRenderState: 3
  m_MinimumChartSize: 4
  m_AutoUVMaxDistance: 0.5
  m_AutoUVMaxAngle: 89
  m_LightmapParameters: {fileID: 0}
  m_SortingLayerID: 0
  m_SortingLayer: 0
  m_SortingOrder: 0
  m_AdditionalVertexStreams: {fileID: 0}
--- !u!54 &2426726424559572472
Rigidbody:
  m_ObjectHideFlags: 0
  m_CorrespondingSourceObject: {fileID: 0}
  m_PrefabInstance: {fileID: 0}
  m_PrefabAsset: {fileID: 0}
  m_GameObject: {fileID: 8994365456273209686}
  serializedVersion: 4
  m_Mass: 1
  m_Drag: 0
  m_AngularDrag: 0.05
  m_CenterOfMass: {x: 0, y: 0, z: 0}
  m_InertiaTensor: {x: 1, y: 1, z: 1}
  m_InertiaRotation: {x: 0, y: 0, z: 0, w: 1}
  m_IncludeLayers:
    serializedVersion: 2
    m_Bits: 0
  m_ExcludeLayers:
    serializedVersion: 2
    m_Bits: 0
  m_ImplicitCom: 1
  m_ImplicitTensor: 1
  m_UseGravity: 1
  m_IsKinematic: 0
  m_Interpolate: 0
  m_Constraints: 0
  m_CollisionDetection: 0
--- !u!114 &-3708955480265399272
MonoBehaviour:
  m_ObjectHideFlags: 0
  m_CorrespondingSourceObject: {fileID: 0}
  m_PrefabInstance: {fileID: 0}
  m_PrefabAsset: {fileID: 0}
  m_GameObject: {fileID: 8994365456273209686}
  m_Enabled: 1
  m_EditorHideFlags: 0
  m_Script: {fileID: 11500000, guid: 4f7457c30ba27ef40ac419c9d900c082, type: 3}
  m_Name: 
  m_EditorClassIdentifier: 
  syncDirection: 0
  syncMode: 0
  syncInterval: 0
  myColor: {r: 0, g: 0, b: 0, a: 0}
  targetChildren: 0
  meshRenderers: []
--- !u!114 &-9153137888798022520
MonoBehaviour:
  m_ObjectHideFlags: 0
  m_CorrespondingSourceObject: {fileID: 0}
  m_PrefabInstance: {fileID: 0}
  m_PrefabAsset: {fileID: 0}
  m_GameObject: {fileID: 8994365456273209686}
  m_Enabled: 1
  m_EditorHideFlags: 0
  m_Script: {fileID: 11500000, guid: 8ff3ba0becae47b8b9381191598957c8, type: 3}
  m_Name: 
  m_EditorClassIdentifier: 
  syncDirection: 1
  syncMode: 0
  syncInterval: 0
  target: {fileID: 7033487764851241913}
  syncPosition: 1
  syncRotation: 1
  syncScale: 0
  onlySyncOnChange: 1
  compressRotation: 1
  interpolatePosition: 1
  interpolateRotation: 1
  interpolateScale: 1
  coordinateSpace: 1
  sendIntervalMultiplier: 1
  timelineOffset: 0
  showGizmos: 0
  showOverlay: 0
  overlayColor: {r: 0, g: 0, b: 0, a: 0.5}
  onlySyncOnChangeCorrectionMultiplier: 2
  rotationSensitivity: 0.01
  positionPrecision: 0.01
  scalePrecision: 0.01
--- !u!114 &345427639394709125
MonoBehaviour:
  m_ObjectHideFlags: 0
  m_CorrespondingSourceObject: {fileID: 0}
  m_PrefabInstance: {fileID: 0}
  m_PrefabAsset: {fileID: 0}
  m_GameObject: {fileID: 8994365456273209686}
  m_Enabled: 1
  m_EditorHideFlags: 0
  m_Script: {fileID: 11500000, guid: 322c0fb5b3013fe439c6b244601584a6, type: 3}
  m_Name: 
  m_EditorClassIdentifier: 
  collected: 0
  myCollector: {fileID: 0}
  myRigidBody: {fileID: 0}
  highlightable: {fileID: 0}
--- !u!114 &4674426019406507402
MonoBehaviour:
  m_ObjectHideFlags: 0
  m_CorrespondingSourceObject: {fileID: 0}
  m_PrefabInstance: {fileID: 0}
  m_PrefabAsset: {fileID: 0}
  m_GameObject: {fileID: 8994365456273209686}
  m_Enabled: 1
  m_EditorHideFlags: 0
  m_Script: {fileID: 11500000, guid: 627173d9adebcd748adfdc668850d149, type: 3}
  m_Name: 
  m_EditorClassIdentifier: 
  ingredientName: Cream
  creatable: 0
  recipe: []
--- !u!114 &-7117177334938049648
MonoBehaviour:
  m_ObjectHideFlags: 0
  m_CorrespondingSourceObject: {fileID: 0}
  m_PrefabInstance: {fileID: 0}
  m_PrefabAsset: {fileID: 0}
  m_GameObject: {fileID: 8994365456273209686}
  m_Enabled: 1
  m_EditorHideFlags: 0
  m_Script: {fileID: 11500000, guid: 9b91ecbcc199f4492b9a91e820070131, type: 3}
  m_Name: 
  m_EditorClassIdentifier: 
  sceneId: 0
  _assetId: 1503459933
  serverOnly: 0
  visibility: 0
  hasSpawned: 0
--- !u!82 &5128038038965532387
AudioSource:
  m_ObjectHideFlags: 0
  m_CorrespondingSourceObject: {fileID: 0}
  m_PrefabInstance: {fileID: 0}
  m_PrefabAsset: {fileID: 0}
  m_GameObject: {fileID: 8994365456273209686}
  m_Enabled: 1
  serializedVersion: 4
  OutputAudioMixerGroup: {fileID: 0}
  m_audioClip: {fileID: 0}
  m_PlayOnAwake: 1
  m_Volume: 1
  m_Pitch: 1
  Loop: 0
  Mute: 0
  Spatialize: 0
  SpatializePostEffects: 0
  Priority: 128
  DopplerLevel: 1
  MinDistance: 1
  MaxDistance: 500
  Pan2D: 0
  rolloffMode: 0
  BypassEffects: 0
  BypassListenerEffects: 0
  BypassReverbZones: 0
  rolloffCustomCurve:
    serializedVersion: 2
    m_Curve:
    - serializedVersion: 3
      time: 0
      value: 1
      inSlope: 0
      outSlope: 0
      tangentMode: 0
      weightedMode: 0
      inWeight: 0.33333334
      outWeight: 0.33333334
    - serializedVersion: 3
      time: 1
      value: 0
      inSlope: 0
      outSlope: 0
      tangentMode: 0
      weightedMode: 0
      inWeight: 0.33333334
      outWeight: 0.33333334
    m_PreInfinity: 2
    m_PostInfinity: 2
    m_RotationOrder: 4
  panLevelCustomCurve:
    serializedVersion: 2
    m_Curve:
    - serializedVersion: 3
      time: 0
      value: 0
      inSlope: 0
      outSlope: 0
      tangentMode: 0
      weightedMode: 0
      inWeight: 0.33333334
      outWeight: 0.33333334
    m_PreInfinity: 2
    m_PostInfinity: 2
    m_RotationOrder: 4
  spreadCustomCurve:
    serializedVersion: 2
    m_Curve:
    - serializedVersion: 3
      time: 0
      value: 0
      inSlope: 0
      outSlope: 0
      tangentMode: 0
      weightedMode: 0
      inWeight: 0.33333334
      outWeight: 0.33333334
    m_PreInfinity: 2
    m_PostInfinity: 2
    m_RotationOrder: 4
  reverbZoneMixCustomCurve:
    serializedVersion: 2
    m_Curve:
    - serializedVersion: 3
      time: 0
      value: 1
      inSlope: 0
      outSlope: 0
      tangentMode: 0
      weightedMode: 0
      inWeight: 0.33333334
      outWeight: 0.33333334
    m_PreInfinity: 2
    m_PostInfinity: 2
    m_RotationOrder: 4
--- !u!114 &1302952992040107838
MonoBehaviour:
  m_ObjectHideFlags: 0
  m_CorrespondingSourceObject: {fileID: 0}
  m_PrefabInstance: {fileID: 0}
  m_PrefabAsset: {fileID: 0}
  m_GameObject: {fileID: 8994365456273209686}
  m_Enabled: 1
  m_EditorHideFlags: 0
  m_Script: {fileID: 11500000, guid: 84336831109234d46920b7a2db8fdfa8, type: 3}
  m_Name: 
  m_EditorClassIdentifier: 
  soundCooldown: 0.5
  trigger: 1
--- !u!64 &863037895717885886
MeshCollider:
  m_ObjectHideFlags: 0
  m_CorrespondingSourceObject: {fileID: 0}
  m_PrefabInstance: {fileID: 0}
  m_PrefabAsset: {fileID: 0}
  m_GameObject: {fileID: 8994365456273209686}
  m_Material: {fileID: 0}
  m_IncludeLayers:
    serializedVersion: 2
    m_Bits: 0
  m_ExcludeLayers:
    serializedVersion: 2
    m_Bits: 0
  m_LayerOverridePriority: 0
  m_IsTrigger: 0
  m_ProvidesContacts: 0
  m_Enabled: 1
  serializedVersion: 5
  m_Convex: 1
  m_CookingOptions: 30
  m_Mesh: {fileID: -2432090755550338912, guid: 6159665f7db8e1a4488e567e00249e16, type: 3}
